%# -*- coding:utf-8 -*- 
%=========================================================================%
%   LaTeX File for phd thesis of Institute of Automation, CAS
%-------------------------------------------------------------------------%
%   Revised by J. G. Lou (jglou@nlpr.ia.ac.cn)
%   参考文献
%-------------------------------------------------------------------------%
@article{haag:optical,
 author = {M. Haag and H-H. Nagel},
 title = {Combination of Edge Element and Optical Flow Estimates for
 3D-Model-Based Vehicle Tracking in Traffic Image Sequence},
 journal = {IJCV},
 volume = {35},
 year = {1999}
 }
