%# -*- coding:utf-8 -*- 
%=========================================================================%
%   LaTeX File for phd thesis of Institute of Automation, CAS
%-------------------------------------------------------------------------%
%   Revised by J. G. Lou (jglou@nlpr.ia.ac.cn)
%   参考文献
%-------------------------------------------------------------------------%
@article{haag:optical,
 author = {M. Haag and H-H. Nagel},
 title = {Combination of Edge Element and Optical Flow Estimates for
 3D-Model-Based Vehicle Tracking in Traffic Image Sequence},
 journal = {IJCV},
 volume = {35},
 year = {1999}
}
 
@book{Marr:1982,
  author = {D. Marr}, 
  title = {Vision-A Computational Investigation into the Human Representation and Processing of Visual Information}, 
  publisher = {W.H. Freeman}, 
  year = {1982},
}

% Bibliography
@article{liu2003survey,
  author  = {Alan Liu and Frank Tendick and Kevin Cleary and Christoph Kaufmann},
  title   = {A survey of surgical simulation: applications, technology, and education},
  journal = {Presence: Teleoperators \& Virtual Environments},
  volume  = {12},
  number  = {6},
  pages   = {599-614},
  year    = {2003}
}

@article{basdogan2007vr,
  author  = {Cagatay Basdogan and Mert Sedef and Matthias Harders and Stefan Wesarg},  
  title   = {VR-based simulators for training in minimally invasive surgery},
  journal = {Computer Graphics and Applictions},
  volume  = {27},
  number  = {},
  pages   = {54-66},
  year    = {2007}
}

@article{preim20083d,
  author  = {Bernhard Preim and Steffen Oeltze},
  title   = {3{D} visualization of vasculature: an overview},
  journal = {Visualization in Medicine and Life Sciences},
  volume  = {},
  number  = {},
  pages   = {39-59},
  year    = {2008}
}

@inproceedings{lin1998collision,
  author    = {Ming C. Lin and Stefan Gottschalk},
  title     = {Collision detection between geometric models: a survey},
  booktitle = {Proceedings of IMA Conference on Mathematics of Surfaces},
  volume    = {1},
  number    = {},
  pages     = {602-608},
  year      = {1998}
}

@article{meier2005deformable,
  author  = {U. Meier and O. L{\'o}pez and C. Monserrat and M.C. Juan and M. Alca{\~n}iz},
  title   = {Real-time deformable models for surgery simulation: a survey},
  journal = {Computer methods and programs in biomedicine},
  volume  = {77},
  number  = {},
  pages   = {183-197},
  year    = {2005}
}

@article{azuma1997survey,
  author  = {Ronald T. Azuma},
  title   = {A survey of augmented reality},
  journal = {Presence: Teleoperators \& Virtual Environments},
  volume  = {6},
  number  = {4},
  pages   = {355-385},
  year    = {1997}
}